@article{marquisetal:2018,
    author          = {Marquis, Marie and Talbot, Annie and Sabourin, Am√©lie and Riopel, Chantal},
    journal         = {International Journal of Consumer Studies},
    number          = {1},
    title           = {Exploring the environmental, personal and behavioural factors as determinants for university students' food behaviour},
    volume          = {43},
    year            = {2018},
    pages           = {113--122},
    doi             = {10.1111/ijcs.12490}
}

@inproceedings{singhanddwivedi:2023,
    author          = {Singh, Reetu and Dwivedi, Pragya},
    booktitle       = {2023 14th International Conference on Computing Communication and Networking Technologies (ICCCNT)},
    title           = {Food Recommendation Systems Based On Content-based and Collaborative Filtering Techniques},
    year            = {2023},
    pages           = {1--5},
    doi             = {10.1109/ICCCNT56998.2023.10307080}
}

@misc{thongthanomkul:2020,
    author       = {Ekkalak Thongthanomkul},
    howpublished = {\url{https://life.wongnai.com/wongnai-search-improvement-using-machine-learning-part1-e0777b65979e/}},
    title        = {Wongnai Search Improvement using Machine Learning},
    note         = {Accessed: 2024-03-15},
}

@misc{wongnaicorpus:github,
    author       = {Wongnai},
    howpublished = {\url{https://github.com/wongnai/wongnai-corpus/}},
    title        = {Wongnai Corpus Repository},
    note         = {Accessed: 2024-03-15}
}

@misc{sangwan:2023,
    author       = {Deepak Sangwan},
    howpublished = {\url{https://www.linkedin.com/pulse/case-study-harnessing-ai-personalized-customer-success-deepak-sangwan/}},
    title        = {Case Study: Harnessing {AI} for Personalized Customer Experiences: {StarBucks'} Success Story},
    note         = {Accessed: 2024-03-17}
}

@misc{netflix:2022,
    author       = {Netflix},
    howpublished = {\url{https://netflixtechblog.medium.com/recsysops-best-practices-for-operating-a-large-scale-recommender-system-95bbe195a841/}},
    title        = {{RecSysOps}: Best Practices for Operating a Large-Scale Recommender System},
    note         = {Accessed: 2024-03-17}
}